@book{BF:IFML,
	author = "Marco Brambila, Piero Fraternali",
	title = "Interaction Flow Modeling Language: Model-Driven UI Engineering of Web and Mobile Apps with IFML",
	publisher = "The MK/OMG PRESS",
    howpublished = "\url{https://books.google.sk/books?hl=sk&lr=&id=kRu7AwAAQBAJ&oi=fnd&pg=PP1&dq=web+and+mobile+ui+modelling&ots=VV_H6THnIC&sig=0rbZGHzdQYcrKBcOZCc6Yn5qXMg}",
	year = 2015,
}